<record><leader>00000cas a22000008a 4500</leader><controlfield tag="001">759972302</controlfield><controlfield tag="008">111108c20129999fludr n       0   a0eng  </controlfield><datafield ind1=" " ind2=" " tag="010"><subfield code="a">  2011202541</subfield></datafield><datafield ind1=" " ind2=" " tag="040"><subfield code="a">DLC</subfield><subfield code="b">eng</subfield><subfield code="c">DLC</subfield><subfield code="d">DLC</subfield><subfield code="d">OCLCQ</subfield></datafield><datafield ind1=" " ind2=" " tag="012"><subfield code="l">1</subfield></datafield><datafield ind1="0" ind2=" " tag="022"><subfield code="a">2164-5906</subfield><subfield code="2">1</subfield></datafield><datafield ind1=" " ind2=" " tag="037"><subfield code="b">SyndicatedNews.net LLC, 3785 Sawgrass Drive, Titusville, FL 32780</subfield></datafield><datafield ind1=" " ind2=" " tag="042"><subfield code="a">msc</subfield></datafield><datafield ind1="1" ind2="0" tag="050"><subfield code="a">ISSN RECORD</subfield></datafield><datafield ind1="0" ind2=" " tag="130"><subfield code="a">SyndicatedNews.net (Print)</subfield></datafield><datafield ind1="1" ind2="0" tag="245"><subfield code="a">SyndicatedNews.net.</subfield></datafield><datafield ind1=" " ind2=" " tag="260"><subfield code="a">Titusville, FL :</subfield><subfield code="b">SyndicatedNews.net LLC</subfield></datafield><datafield ind1=" " ind2=" " tag="263"><subfield code="a">201201</subfield></datafield><datafield ind1=" " ind2=" " tag="310"><subfield code="a">Daily</subfield></datafield><datafield ind1=" " ind2=" " tag="336"><subfield code="a">text</subfield><subfield code="b">txt</subfield><subfield code="2">rdacontent</subfield></datafield><datafield ind1=" " ind2=" " tag="337"><subfield code="a">unmediated</subfield><subfield code="b">n</subfield><subfield code="2">rdamedia</subfield></datafield><datafield ind1="0" ind2="8" tag="776"><subfield code="i">Also issued in online version:</subfield><subfield code="t">SyndicatedNews.net.</subfield><subfield code="d">Titusville, FL : SyndicatedNews.net LLC</subfield><subfield code="x">2164-5914</subfield><subfield code="w">(DLC)  2011202542</subfield><subfield code="w">(OCoLC)759989728</subfield></datafield><datafield ind1="4" ind2="1" tag="856"><subfield code="u">http://syndicatednews.net/</subfield></datafield><datafield ind1=" " ind2=" " tag="936"><subfield code="a">PREPUB: Publication expected: Jan. 2012</subfield></datafield></record>